%YAML 1.1
%TAG !u! tag:unity3d.com,2011:
--- !u!1 &103142
GameObject:
  m_ObjectHideFlags: 0
  m_PrefabParentObject: {fileID: 0}
  m_PrefabInternal: {fileID: 100100000}
  serializedVersion: 4
  m_Component:
  - 4: {fileID: 483752}
  - 54: {fileID: 5479908}
  - 65: {fileID: 6558232}
  - 65: {fileID: 6504914}
  - 114: {fileID: 11445600}
  - 114: {fileID: 11496268}
  - 114: {fileID: 11401254}
  - 114: {fileID: 11443740}
  - 195: {fileID: 19571648}
  - 114: {fileID: 11451056}
  - 114: {fileID: 11447836}
  m_Layer: 0
  m_Name: BasicMinionTwoEntity
  m_TagString: Untagged
  m_Icon: {fileID: 0}
  m_NavMeshLayer: 0
  m_StaticEditorFlags: 0
  m_IsActive: 1
--- !u!1 &187492
GameObject:
  m_ObjectHideFlags: 0
  m_PrefabParentObject: {fileID: 0}
  m_PrefabInternal: {fileID: 100100000}
  serializedVersion: 4
  m_Component:
  - 4: {fileID: 496182}
  - 33: {fileID: 3303616}
  - 23: {fileID: 2359292}
  m_Layer: 0
  m_Name: BasicMinionToken
  m_TagString: Untagged
  m_Icon: {fileID: 0}
  m_NavMeshLayer: 0
  m_StaticEditorFlags: 0
  m_IsActive: 1
--- !u!4 &483752
Transform:
  m_ObjectHideFlags: 1
  m_PrefabParentObject: {fileID: 0}
  m_PrefabInternal: {fileID: 100100000}
  m_GameObject: {fileID: 103142}
  m_LocalRotation: {x: 0, y: 0, z: 0, w: 1}
  m_LocalPosition: {x: -20, y: 0, z: 0}
  m_LocalScale: {x: 1, y: 1, z: 1}
  m_Children:
  - {fileID: 496182}
  m_Father: {fileID: 0}
  m_RootOrder: 0
--- !u!4 &496182
Transform:
  m_ObjectHideFlags: 1
  m_PrefabParentObject: {fileID: 0}
  m_PrefabInternal: {fileID: 100100000}
  m_GameObject: {fileID: 187492}
  m_LocalRotation: {x: 0, y: 0, z: 0, w: 1}
  m_LocalPosition: {x: 0, y: 1, z: 0}
  m_LocalScale: {x: 1, y: 1, z: 1}
  m_Children: []
  m_Father: {fileID: 483752}
  m_RootOrder: 0
--- !u!23 &2359292
MeshRenderer:
  m_ObjectHideFlags: 1
  m_PrefabParentObject: {fileID: 0}
  m_PrefabInternal: {fileID: 100100000}
  m_GameObject: {fileID: 187492}
  m_Enabled: 1
  m_CastShadows: 1
  m_ReceiveShadows: 1
  m_Materials:
  - {fileID: 2100000, guid: 9210abff4ec06304e88314f2bf4d0406, type: 2}
  m_SubsetIndices: 
  m_StaticBatchRoot: {fileID: 0}
  m_UseLightProbes: 1
  m_ReflectionProbeUsage: 1
  m_ProbeAnchor: {fileID: 0}
  m_ScaleInLightmap: 1
  m_PreserveUVs: 1
  m_IgnoreNormalsForChartDetection: 0
  m_ImportantGI: 0
  m_MinimumChartSize: 4
  m_AutoUVMaxDistance: 0.5
  m_AutoUVMaxAngle: 89
  m_LightmapParameters: {fileID: 0}
  m_SortingLayerID: 0
  m_SortingOrder: 0
--- !u!33 &3303616
MeshFilter:
  m_ObjectHideFlags: 1
  m_PrefabParentObject: {fileID: 0}
  m_PrefabInternal: {fileID: 100100000}
  m_GameObject: {fileID: 187492}
  m_Mesh: {fileID: 10207, guid: 0000000000000000e000000000000000, type: 0}
--- !u!54 &5479908
Rigidbody:
  m_ObjectHideFlags: 1
  m_PrefabParentObject: {fileID: 0}
  m_PrefabInternal: {fileID: 100100000}
  m_GameObject: {fileID: 103142}
  serializedVersion: 2
  m_Mass: 1
  m_Drag: 0
  m_AngularDrag: 0.05
  m_UseGravity: 0
  m_IsKinematic: 0
  m_Interpolate: 0
  m_Constraints: 126
  m_CollisionDetection: 0
--- !u!65 &6504914
BoxCollider:
  m_ObjectHideFlags: 1
  m_PrefabParentObject: {fileID: 0}
  m_PrefabInternal: {fileID: 100100000}
  m_GameObject: {fileID: 103142}
  m_Material: {fileID: 0}
  m_IsTrigger: 1
  m_Enabled: 1
  serializedVersion: 2
  m_Size: {x: 3, y: 0.5, z: 3}
  m_Center: {x: 0, y: 0.25, z: 0}
--- !u!65 &6558232
BoxCollider:
  m_ObjectHideFlags: 1
  m_PrefabParentObject: {fileID: 0}
  m_PrefabInternal: {fileID: 100100000}
  m_GameObject: {fileID: 103142}
  m_Material: {fileID: 0}
  m_IsTrigger: 0
  m_Enabled: 1
  serializedVersion: 2
  m_Size: {x: 1, y: 1, z: 1}
  m_Center: {x: 0, y: 1, z: 0}
--- !u!114 &11401254
MonoBehaviour:
  m_ObjectHideFlags: 1
  m_PrefabParentObject: {fileID: 0}
  m_PrefabInternal: {fileID: 100100000}
  m_GameObject: {fileID: 103142}
  m_Enabled: 1
  m_EditorHideFlags: 0
  m_Script: {fileID: 11500000, guid: 26d4856d8f19d1741b19a49e11bb9096, type: 3}
  m_Name: 
  m_EditorClassIdentifier: 
  m_networkIdentity: {fileID: 11496268}
  m_navAgent: {fileID: 19571648}
  m_transform: {fileID: 483752}
  m_entity: {fileID: 11445600}
  m_maxDistanceOfTarget: 30
--- !u!114 &11443740
MonoBehaviour:
  m_ObjectHideFlags: 1
  m_PrefabParentObject: {fileID: 0}
  m_PrefabInternal: {fileID: 100100000}
  m_GameObject: {fileID: 103142}
  m_Enabled: 1
  m_EditorHideFlags: 0
  m_Script: {fileID: 11500000, guid: 819495982b8911d4895a766081a30cb8, type: 3}
  m_Name: 
  m_EditorClassIdentifier: 
  m_characterName: Engeance d'ombre
  m_thumbnail: {fileID: 0}
  m_defaultHP: 15
  m_skills: []
--- !u!114 &11445600
MonoBehaviour:
  m_ObjectHideFlags: 1
  m_PrefabParentObject: {fileID: 0}
  m_PrefabInternal: {fileID: 100100000}
  m_GameObject: {fileID: 103142}
  m_Enabled: 1
  m_EditorHideFlags: 0
  m_Script: {fileID: 11500000, guid: 13bc017219497b849a1a12c9ba7c278b, type: 3}
  m_Name: 
  m_EditorClassIdentifier: 
  m_entityTransform: {fileID: 483752}
  m_character: {fileID: 11443740}
  m_hp: 15
  m_skills: []
  m_navAgent: {fileID: 19571648}
  m_defaultPosition: {x: 0, y: 0, z: 0}
  m_moveController: {fileID: 11401254}
  m_netidentity: {fileID: 11496268}
  m_damage: 5
--- !u!114 &11447836
MonoBehaviour:
  m_ObjectHideFlags: 1
  m_PrefabParentObject: {fileID: 0}
  m_PrefabInternal: {fileID: 100100000}
  m_GameObject: {fileID: 103142}
  m_Enabled: 1
  m_EditorHideFlags: 0
  m_Script: {fileID: 11500000, guid: 04bf4013aa4cd2b4e9061657e91ad54c, type: 3}
  m_Name: 
  m_EditorClassIdentifier: 
  m_netIdentity: {fileID: 11496268}
--- !u!114 &11451056
MonoBehaviour:
  m_ObjectHideFlags: 1
  m_PrefabParentObject: {fileID: 0}
  m_PrefabInternal: {fileID: 100100000}
  m_GameObject: {fileID: 103142}
  m_Enabled: 1
  m_EditorHideFlags: 0
  m_Script: {fileID: -1768714887, guid: 870353891bb340e2b2a9c8707e7419ba, type: 3}
  m_Name: 
  m_EditorClassIdentifier: 
  m_TransformSyncMode: 1
  m_SendInterval: 0.1
  m_SyncRotationAxis: 7
  m_RotationSyncCompression: 0
  m_SyncSpin: 0
  m_MovementTheshold: 0.001
  m_SnapThreshold: 5
  m_InterpolateRotation: 1
  m_InterpolateMovement: 1
--- !u!114 &11496268
MonoBehaviour:
  m_ObjectHideFlags: 1
  m_PrefabParentObject: {fileID: 0}
  m_PrefabInternal: {fileID: 100100000}
  m_GameObject: {fileID: 103142}
  m_Enabled: 1
  m_EditorHideFlags: 0
  m_Script: {fileID: 372142912, guid: 870353891bb340e2b2a9c8707e7419ba, type: 3}
  m_Name: 
  m_EditorClassIdentifier: 
  m_SceneId:
    m_Value: 0
  m_AssetId:
    i0: 103
    i1: 172
    i2: 119
    i3: 40
    i4: 146
    i5: 246
    i6: 167
    i7: 100
    i8: 56
    i9: 95
    i10: 185
    i11: 110
    i12: 97
    i13: 90
    i14: 234
    i15: 86
  m_ServerOnly: 0
  m_LocalPlayerAuthority: 0
--- !u!195 &19571648
NavMeshAgent:
  m_ObjectHideFlags: 1
  m_PrefabParentObject: {fileID: 0}
  m_PrefabInternal: {fileID: 100100000}
  m_GameObject: {fileID: 103142}
  m_Enabled: 1
  m_Radius: 0.5
  m_Speed: 3.5
  m_Acceleration: 8
  avoidancePriority: 50
  m_AngularSpeed: 120
  m_StoppingDistance: 0
  m_AutoTraverseOffMeshLink: 1
  m_AutoBraking: 1
  m_AutoRepath: 1
  m_Height: 2
  m_BaseOffset: 0
  m_WalkableMask: 4294967295
  m_ObstacleAvoidanceType: 4
--- !u!1001 &100100000
Prefab:
  m_ObjectHideFlags: 1
  serializedVersion: 2
  m_Modification:
    m_TransformParent: {fileID: 0}
    m_Modifications: []
    m_RemovedComponents: []
  m_ParentPrefab: {fileID: 0}
  m_RootGameObject: {fileID: 103142}
  m_IsPrefabParent: 1
